@article{apweb,
	Author = {Stevens, P. F.},
	Date-Added = {2013-02-18 09:30:45 -0500},
	Date-Modified = {2013-02-18 09:50:06 -0500},
	Journal = {Version 12, July 2012 },
	Title = {onwards. Angiosperm Phylogeny Website.},
	Volume = {[and more or less continuously updated since].},
	Year = {2001}}

@article{givnish2004adaptive,
	title={Adaptive radiation of photosynthetic physiology in the Hawaiian lobeliads: light regimes, static light responses, and whole-plant compensation points},
	author={Givnish, Thomas J and Montgomery, Rebecca A and Goldstein, Guillermo},
	journal={American Journal of Botany},
	volume={91},
	number={2},
	pages={228--246},
	year={2004},
	publisher={Botanical Soc America}
}

@article{monsi1953uber,
	title = {{\"U}ber den Lichtfaktor in den Pflanzengesellschaften und seine Bedeutung f{\"u}r die Stoffproduktion},
	author = {Monsi, M and Saeki, T},
	journal = {Japanese Journal of Botany},
	volume = {14},
	pages = {22-52},
	year = {1953}
}


@article{hill2006assessment,
	title={Assessment of the MODIS LAI product for Australian ecosystems},
	author={Hill, Michael J and Senarath, Udaya and Lee, Alex and Zeppel, Melanie and Nightingale, Joanne M and Williams, Richard Dick J and McVicar, Tim R},
	journal={Remote Sensing of Environment},
	volume={101},
	number={4},
	pages={495--518},
	year={2006},
	publisher={Elsevier}
}

@article{murray2013evaluation,
	title={Evaluation of Land Surface Models in Reproducing Satellite-Derived LAI over the High-Latitude Northern Hemisphere. Part I: Uncoupled DGVMs},
	author={Murray-Tortarolo, Guillermo and Anav, Alessandro and Friedlingstein, Pierre and Sitch, Stephen and Piao, Shilong and Zhu, Zaichun and Poulter, Benjamin and Zaehle, S{\"o}nke and Ahlstr{\"o}m, Anders and Lomas, Mark and others},
	journal={Remote Sensing},
	volume={5},
	number={10},
	pages={4819--4838},
	year={2013},
	publisher={Multidisciplinary Digital Publishing Institute}
}

@book{odling2003niche,
	title={Niche construction: the neglected process in evolution},
	author={Odling-Smee, F John and Laland, Kevin N and Feldman, Marcus W},
	number={37},
	year={2003},
	publisher={Princeton University Press}
}

@article{grubb1977maintenance,
	title={The maintenance of species-richness in plant communities: the importance of the regeneration niche},
	author={Grubb, Peter J},
	journal={Biol. Rev},
	volume={52},
	number={1},
	pages={107--145},
	year={1977}
}

@article{dobert2015can,
	title={Can leaf area index and biomass be estimated from Braun-Blanquet cover scores in tropical forests?},
	author={D{\"o}bert, Timm F and Webber, Bruce L and Sugau, John B and Dickinson, Katharine JM and Didham, Raphael K},
	journal={Journal of Vegetation Science},
	year={2015},
	publisher={Wiley Online Library}
}

@article{braun1932plant,
	title={Plant sociology. The study of plant communities},
	author={Braun-Blanquet, Josias and others},
	journal={Plant sociology. The study of plant communities. First ed.},
	year={1932},
	publisher={McGraw-Hill Book Co., Inc., New York and London}
}

@article{jonckheere2004review,
	title={Review of methods for in situ leaf area index determination: Part I. Theories, sensors and hemispherical photography},
	author={Jonckheere, Inge and Fleck, Stefan and Nackaerts, Kris and Muys, Bart and Coppin, Pol and Weiss, Marie and Baret, Fr{\'e}d{\'e}ric},
	journal={Agricultural and forest meteorology},
	volume={121},
	number={1},
	pages={19--35},
	year={2004},
	publisher={Elsevier}
}

@article{breda2003ground,
	title={Ground-based measurements of leaf area index: a review of methods, instruments and current controversies},
	author={Br{\'e}da, Nathalie JJ},
	journal={Journal of experimental botany},
	volume={54},
	number={392},
	pages={2403--2417},
	year={2003},
	publisher={Soc Experiment Biol}
}

@article{valladares2008shade,
	title={Shade tolerance, a key plant feature of complex nature and consequences},
	author={Valladares, Fernando and Niinemets, {\"U}lo},
	journal={Annual Review of Ecology, Evolution, and Systematics},
	pages={237--257},
	year={2008},
	publisher={JSTOR}
}

@article{kassnacht1997interrelationships,
	title={Interrelationships among the edaphic and stand characteristics, leaf area index, and aboveground net primary production of upland forest ecosystems in north central Wisconsin},
	author={Kassnacht, KS and Gower, Stith T},
	journal={Canadian Journal of Forest Research},
	volume={27},
	number={7},
	pages={1058--1067},
	year={1997},
	publisher={NRC Research Press}
}

@article{busing2002dynamics,
	title={Dynamics of composition and structure in an old \emph{{S}equoia sempervirens} forest},
	author={Busing, Richard T and Fujimori, Takao},
	journal={Journal of Vegetation Science},
	volume={13},
	number={6},
	pages={785--792},
	year={2002},
	publisher={Wiley Online Library}
}

